@book{book:zuboff,
	author={Shoshana Zuboff},
	title={The age of surveillance capitalism},
	publisher={Profile Books},
	year=2019,
	isbn={1781256853}
}
